<?xml version="1.0" encoding="UTF-8"?><record xmlns="http://www.loc.gov/MARC21/slim" xmlns:cinclude="http://apache.org/cocoon/include/1.0" xmlns:zs="http://www.loc.gov/zing/srw/">
  <leader>00362cz  a2200121n  4500</leader>
  <controlfield tag="001">n 2010059248</controlfield>
  <controlfield tag="003">DLC</controlfield>
  <controlfield tag="005">20100910075002.0</controlfield>
  <controlfield tag="008">100909n| acannaabn          |n aaa      </controlfield>
  <datafield tag="010" ind1=" " ind2=" ">
    <subfield code="a">n 2010059248</subfield>
  </datafield>
  <datafield tag="040" ind1=" " ind2=" ">
    <subfield code="a">DLC</subfield>
    <subfield code="b">eng</subfield>
    <subfield code="c">DLC</subfield>
  </datafield>
  <datafield tag="100" ind1="1" ind2=" ">
    <subfield code="a">Lazarow, Lewis</subfield>
  </datafield>
  <datafield tag="670" ind1=" " ind2=" ">
    <subfield code="a">Range, Thomas E. Into the game, c2010:</subfield>
    <subfield code="b">p. [1] of cover (Lewis Lazarow) p. [4] of cover (Lewis C. Lazarow)</subfield>
  </datafield>
</record>